<?xml version="1.0" encoding="UTF-8"?><collection xmlns="http://www.loc.gov/MARC21/slim"><record><leader>00390nam--2200133-i-4500</leader><controlfield tag="001">000000287</controlfield><controlfield tag="002">20161230</controlfield><controlfield tag="005">20161230201024</controlfield><controlfield tag="008">060222s1000------------r-----000-0-eng-d</controlfield><datafield ind1=" " ind2=" " tag="100"><subfield code="a">Gerarde, H.W</subfield></datafield><datafield ind1=" " ind2=" " tag="245"><subfield code="a">Toxicology and biochemistry of aromatic hydrocarbons</subfield></datafield><datafield ind1=" " ind2=" " tag="260"><subfield code="a">Amsterdam, Elsevier Publishing Company. Xiii + 329 P</subfield></datafield><datafield ind1=" " ind2=" " tag="490"><subfield code="a">Elsevier Monographs On Toxic Agents</subfield></datafield><datafield ind1=" " ind2=" " tag="852"><subfield code="a">17131</subfield></datafield></record></collection>